@book{toro2013riemann,
  title={Riemann solvers and numerical methods for fluid dynamics: a practical introduction},
  author={Toro, Eleuterio F},
  year={2013},
  publisher={Springer Science \& Business Media}
}